@book{pharr2010physically,
  title           ={Physically Based Rendering: From Theory to Implementation},
  author          ={Pharr, M. and Humphreys, G.},
  isbn            ={9780123750792},
  lccn            ={2011377099},
  series          ={Morgan Kaufmann series in interactive 3D technology},
  url             ={https://books.google.de/books?id=9nJBAJhTxt8C},
  year            ={2010},
  publisher       ={Elsevier Science}
}

@article{irrlichtOrg,
  author          = {Nikolaus Gebhardt},
  title           = {Einige BRDF Modelle},
  howpublished    = "\url{http://www.irrlicht3d.org/papers/BrdfModelle.pdf}",
  note            = "[Online; Accessed: 2020-12-03]"
}

@misc{sakibLamertPi,
  author          = {Sakib Saikia},
  title           = {Deriving Lambertian BRDF from first principles},
  howpublished    = {\url{https://sakibsaikia.github.io/graphics/2019/09/10/Deriving-Lambertian-BRDF-From-First-Principles.html}},
  year            = {2019},
  month           = {September},
  day             = {10},
  note            = "[Online; Accessed: 2020-12-03]"
}

@misc{Burley2012PhysicallyBasedSA,
  title           = {Physically-Based Shading at Disney},
  author          = {Brent Burley},
  howpublished    = {\url{https://media.disneyanimation.com/uploads/production/publication_asset/48/asset/s2012_pbs_disney_brdf_notes_v3.pdf}},
  year            = {2012},
  note            = "[Online; Accessed: 2020-12-03]"
}

@misc{pbrGuide,
  author       = {Wes McDermott},
  title        = {The PBR Guide - Part 1},
  howpublished = {\url{https://academy.substance3d.com/courses/the-pbr-guide-part-1}},
  year         = {2018},
  note            = "[Online; Accessed: 2020-12-03]"
}

@misc{reasonsForPbr1,
  title        = {Adopting a physically based shading model},
  howpublished = {\url{https://seblagarde.wordpress.com/2011/08/17/hello-world/}},
  year         = {2011},
  note            = "[Online; Accessed: 2020-12-03]"
}

@misc{reasonsForPbr2,
  title        = { Physically-Based Rendering: Theory and Practice },
  author       = { Koray Hagen },
  howpublished = {\url{https://de.slideshare.net/korayhagen/physically-based-rendering}},
  year         = {2015},
  month        = {April},
  day          = {30},
  note         = "[Online; Accessed: 2020-12-03]"
}

@book{realTimeRendering4th,
  author = {Akenine-Mller, Tomas and Haines, Eric and Hoffman, Naty},
  title = {Real-Time Rendering, Fourth Edition},
  year = {2018},
  isbn = {0134997832},
  publisher = {A. K. Peters, Ltd.},
  address = {USA},
  edition = {4th},
  abstract = {Thoroughly updated, this fourth edition focuses on modern techniques used to generate synthetic three-dimensional images in a fraction of a second. With the advent of programmable shaders, a wide variety of new algorithms have arisen and evolved over the past few years. This edition discusses current, practical rendering methods used in games and other applications. It also presents a solid theoretical framework and relevant mathematics for the field of interactive computer graphics, all in an approachable style. New to this edition: new chapter on VR and AR as well as expanded coverage of Visual Appearance, Advanced Shading, Global Illumination, and Curves and Curved Surfaces.}
}

@book{learnOpenGL,
  author         = {Joey de Vries},
  title          = {Learn OpenGL: Learn modern OpenGL graphics programming in a step-by-step fashion},
  publisher      = {Kendall \& Welling },
  year           = {2020},
  month          = {June},
  day            = {17}
}

@book{openGlWolf,
  author          = {Wolff, David},
  title           = {OpenGL 4 Shading Language Cookbook: Build High-Quality, Real-Time 3D Graphics with OpenGL 4.6, GLSL 4.6 and C++17, 3rd Edition},
  year            = {2018},
  isbn            = {9781789342253},
  publisher       = {Packt Publishing},
  abstract        = {Over 70 recipes that cover advanced techniques for 3D programming such as lighting, shading, textures, particle systems, and image processing with OpenGL 4.6 Key Features Explore techniques for implementing shadows using shadow maps and shadow volumes Learn to use GLSL features such as compute, geometry, and tessellation shaders Use GLSL to create a wide variety of modern, realistic visual effects Book Description OpenGL 4 Shading Language Cookbook, Third Edition provides easy-to-follow recipes that first walk you through the theory and background behind each technique, and then proceed to showcase and explain the GLSL and OpenGL code needed to implement them. The book begins by familiarizing you with beginner-level topics such as compiling and linking shader programs, saving and loading shader binaries (including SPIR-V), and using an OpenGL function loader library. We then proceed to cover basic lighting and shading effects. After that, you'll learn to use textures, produce shadows, and use geometry and tessellation shaders. Topics such as particle systems, screen-space ambient occlusion, deferred rendering, depth-based tessellation, and physically based rendering will help you tackle advanced topics. OpenGL 4 Shading Language Cookbook, Third Edition also covers advanced topics such as shadow techniques (including the two of the most common techniques: shadow maps and shadow volumes). You will learn how to use noise in shaders and how to use compute shaders. The book provides examples of modern shading techniques that can be used as a starting point for programmers to expand upon to produce modern, interactive, 3D computer-graphics applications. What you will learn Compile, debug, and communicate with shader programs Use compute shaders for physics, animation, and general computing Learn about features such as shader storage buffer objects and image load/store Utilize noise in shaders and learn how to use shaders in animations Use textures for various effects including cube maps for reflection or refraction Understand physically based reflection models and the SPIR-V Shader binary Learn how to create shadows using shadow maps or shadow volumes Create particle systems that simulate smoke, fire, and other effects Who this book is for If you are a graphics programmer looking to learn the GLSL shading language, this book is for you. A basic understanding of 3D graphics and programming experience with C++ are required.}
}

@phdthesis{meisterBrdfCookMistake,
  author          = {Gerhard Meister},
  title           = {Bidirektionale Reflektanz von städtischen Oberflächen},
  school          = {Universität Hamburg},
  year            = {2000},
  howpublished    = {\url{http://censis.informatik.uni-hamburg.de/publications/diss_meister.pdf}},
  note            = "[Online; Accessed: 2020-12-03]"
}

@misc{googleFilamentPbr,
  author       = {Romain Guy and Mathias Agopian},
  title        = {Physically Based Rendering in Filament},
  howpublished = {\url{https://google.github.io/filament/Filament.html#overview/physicallybasedrendering}},
  note         = "[Online; Accessed: 2020-12-03]"
}

@misc{pbrUniversityTartu,
  school       = {University of Tartu},
  author       = { Raimond Tunnel and Jaanus Jaggo and Margus Luik },
  title        = {Physically-Based Shading},
  howpublished = {\url{https://cglearn.eu/pub/advanced-computer-graphics/physically-based-shading}},
  note         = "[Online; Accessed: 2020-12-03]"
}

@misc{renderingEquationArticle3,
  title        = {The Rendering Equation},
  howpublished = {\url{https://www.gamedev.net/blogs/entry/2260986-the-rendering-equation/}},
  note         = "[Online; Accessed: 2020-12-03]"
}

@inproceedings{rederninEquationDefinition,
author = {Wallace, John R. and Cohen, Michael F. and Greenberg, Donald P.},
title = {A Two-Pass Solution to the Rendering Equation: A Synthesis of Ray Tracing and Radiosity Methods},
year = {1987},
isbn = {0897912276},
publisher = {Association for Computing Machinery},
address = {New York, NY, USA},
url = {https://doi.org/10.1145/37401.37438},
doi = {10.1145/37401.37438},
abstract = {View-independent and view-dependent image synthesis techniques, represented by radiosity and ray tracing, respectively, are discussed. View-dependent techniques are found to have advantages for calculating the specular component of illumination and view-independent techniques for the diffuse component. Based on these observations a methodology is presented for simulating global illumination within complex environments using a two-pass approach. The first pass is view-independent and is based on the hemi-cube radiosity algorithm, with extensions to include the effects of diffuse transmission, and specular to diffuse reflection and transmission. The second pass is view-dependent and is based on an alternative to distributed ray tracing in which a z-buffer algorithm is used to sample the intensities contributing to the specularly reflected or transmitted intensity.},
booktitle = {Proceedings of the 14th Annual Conference on Computer Graphics and Interactive Techniques},
pages = {311–320},
numpages = {10},
series = {SIGGRAPH '87}
}

@misc{renderingEquationArticle2,
  title        = {Lighting: The Rendering Equation},
  howpublished = {\url{http://www.rorydriscoll.com/2008/08/24/lighting-the-rendering-equation/}},
  note         = "[Online; Accessed: 2020-12-03]"
}

@article{theRenderingEquation,
author = {Kajiya, James T.},
title = {The Rendering Equation},
year = {1986},
issue_date = {Aug. 1986},
publisher = {Association for Computing Machinery},
address = {New York, NY, USA},
volume = {20},
number = {4},
issn = {0097-8930},
url = {https://doi.org/10.1145/15886.15902},
doi = {10.1145/15886.15902},
abstract = {We present an integral equation which generalizes a variety of known rendering algorithms. In the course of discussing a monte carlo solution we also present a new form of variance reduction, called Hierarchical sampling and give a number of elaborations shows that it may be an efficient new technique for a wide variety of monte carlo procedures. The resulting rendering algorithm extends the range of optical phenomena which can be effectively simulated.},
journal = {SIGGRAPH Comput. Graph.},
month = aug,
pages = {143–150},
numpages = {8}
}

@article{GRAY197813,
title = "Johann Heinrich Lambert, mathematician and scientist, 1728 – 1777",
journal = "Historia Mathematica",
volume = "5",
number = "1",
pages = "13 - 41",
year = "1978",
issn = "0315-0860",
doi = "https://doi.org/10.1016/0315-0860(78)90133-7",
url = "http://www.sciencedirect.com/science/article/pii/0315086078901337",
author = "J.J. Gray",
abstract = "1977 is the two hundredth anniversary of the death of Johann Heinrich Lambert, a little known but nonetheless intriguing figure in 18th century science. In the general histories of science and mathematics Lambert's contributions are often described piecemeal, with each discovery and invention usually divorced both from the method by which he arrived at it and from the totality of his intellectual endeavour. To the student of optics he is remembered for his cosine law in photometry, to the astronomer for his work on comets, to the meteorologist for his design of a gut hygrometer, and to the mathematician for his work on non-Euclidean geometry and his demonstration of the irrationality of π and e. There is no doubt that each of these contributions had a definite importance of its own; but it is not the aim of the present article to enumerate in this way the high points of Lambert's scientific and mathematical work, rather to describe it for once as a unified whole, and to relate it to the contemporary intellectual outlook.
Résumé
1977 est l'année du bicentenaire de la mort de Johann Heinrich Lambert, personnage peu connu mais néanmoins intrigant de la science du dix-huitième siècle. Dans les histoires générales de science et de mathématiques on décrit souvent les contributions de Lambert par bribes et sans organisation, chaque découverts et chaque invention d'habitude séparées à la fois de la methode par laquelle il y est arrivé et de la totalité de son effort intellectuel. L'étudiant de l'optique se souvient de Lambert à cause de sa loi de cosinus dans la photométrie, l'astronome à cause de son oeuvre au sujet des comètes, le météorologiste à cause de son dessin d'un hygromètre à boyau, et le mathématicien à cause de son oeuvre au sujet de la géometrie non-euclidienne et de sa démonstration de l'irrationnalité de π et de e. Il n'y a aucune doute que chacune de ses contributions est d'une très haute importance en elle-même, mais ce n'est pas le but de notre d'énumérer de cette façon les points capitaux de l'oeuvre scientifique et mathématique de Lambert, mais plutôt de le décrire cette fois dans son intégralité et par rapport à la conception de la vie intellectuelle actuelle."
}

@MISC{Ryer97lightmeasurement,
    author = {Alex Ryer and Ultraviolet Light and Visible Light},
    title = {Light Measurement handbook},
    year = {1997}
}

@misc{renderingEquationArticle,
  title        = {Online-Tutorium Computergrafik},
  howpublished = {\url{http://www.bungenstock.de/studienarbeit/lambertapplet/lambert.html}},
  note         = "[Online; Accessed: 2020-12-03]"
}

@Inbook{Beyerer2016,
author="Beyerer, J{\"u}rgen
and Puente Le{\'o}n, Fernando
and Frese, Christian",
title="Radiometrie",
bookTitle="Automatische Sichtpr{\"u}fung: Grundlagen, Methoden und Praxis der Bildgewinnung und Bildauswertung",
year="2016",
publisher="Springer Berlin Heidelberg",
address="Berlin, Heidelberg",
pages="179--201",
abstract="Die Photometrie besch{\"a}ftigt sich mit der Messung von Intensit{\"a}t und Leistung des sichtbaren Lichts unter Ber{\"u}cksichtigung der Empfindlichkeit des menschlichen Auges (siehe Kap. 5). Das sichtbare Licht macht nur einen kleinen Teil des gesamten elektromagnetischen Spektrums aus (siehe Abschn. 2.1.1). Es umfasst den Wellenl{\"a}ngenbereich von etwa 380 nm bis 780 nm. Physikalische Messungen von Intensit{\"a}t, Leistung etc. lassen sich nat{\"u}rlich unabh{\"a}ngig vom menschlichen Auge f{\"u}r das gesamte elektromagnetische Spektrum durchf{\"u}hren.",
isbn="978-3-662-47786-1",
doi="10.1007/978-3-662-47786-1_4",
url="https://doi.org/10.1007/978-3-662-47786-1_4"
}


@misc{GrundlagenLichtTechnik,
  title        = {Grundlagen der Lichttechnik},
  author       = {Siegfried Kokoschka},
  howpublished = {\url{http://www.lti.kit.edu/rd_download/Grundlagen_der_Lichttechnik(1).pdf}},
  note         = "[Online; Accessed: 2020-12-03]"
}

@misc{radiometrischeGrundbegriffe,
  title        = {How does it work? – Teil 13: Radiometrische Grundbegriffe},
  author       = {Jürgen Nolting and Günter Dittmar},
  howpublished = {\url{https://www.hs-aalen.de/uploads/publication/file/9371/1005_Nolting.pdf}},
  note         = "[Online; Accessed: 2020-12-03]"
}

@mastersthesis{gMueller,
  author  = {Gordon Müller},
  title   = {Beschleunigung Strahlbasierter Rendering-Algorithmen},
  school  = {Rheinische Friedrich-Wilhelms-Universitat Bonn},
  year    = {1997}
}

@misc{vgb,
  title        = {TROS Laserstrahlung Teil - Allgemeines},
  howpublished = {\url{http://regelwerke.vbg.de/vbg_trosla/tros_la0/tros_la0_0_.html}},
  note         = "[Online; Accessed: 2020-12-03]"
}

@book{uniUlm,
  author         = {Ulrich Weidenbacher},
  title          = {Beleuchtungsmodelle},
}

@inproceedings{rtrPaper,
author = {Naty Hoffman},
title = {Background: Physically-Based Shading},
year = {2010},
articleno = {10},
series = {SIGGRAPH '12}
}